<record><leader>00000cas a22000007a 4500</leader><controlfield tag="001">12636784</controlfield><controlfield tag="008">851004d1860186unjuwr ne      0    0eng d</controlfield><controlfield tag="009">5005</controlfield><datafield ind1=" " ind2=" " tag="010"><subfield code="a">sn 85036063 </subfield></datafield><datafield ind1=" " ind2=" " tag="040"><subfield code="a">NPA</subfield><subfield code="b">eng</subfield><subfield code="c">NPA</subfield><subfield code="d">NPX</subfield><subfield code="d">NJW</subfield><subfield code="d">DLC</subfield><subfield code="d">OCLCF</subfield></datafield><datafield ind1=" " ind2=" " tag="042"><subfield code="a">msc</subfield></datafield><datafield ind1=" " ind2=" " tag="043"><subfield code="a">n-us-nj</subfield></datafield><datafield ind1="0" ind2="0" tag="050"><subfield code="a">Newspaper</subfield></datafield><datafield ind1="0" ind2=" " tag="130"><subfield code="a">Times (New Brunswick, N.J. : 1860)</subfield></datafield><datafield ind1="1" ind2="4" tag="245"><subfield code="a">The times.</subfield></datafield><datafield ind1="1" ind2="0" tag="246"><subfield code="a">New-Brunswick times</subfield></datafield><datafield ind1="0" ind2="0" tag="246"><subfield code="a">New Brunswick times</subfield></datafield><datafield ind1=" " ind2=" " tag="260"><subfield code="a">New-Brunswick [N.J.] :</subfield><subfield code="b">A.R. Speer,</subfield><subfield code="c">1860-</subfield></datafield><datafield ind1=" " ind2=" " tag="300"><subfield code="a">v. :</subfield><subfield code="b">ill. (chiefly adv.)</subfield></datafield><datafield ind1=" " ind2=" " tag="310"><subfield code="a">Weekly</subfield></datafield><datafield ind1="0" ind2=" " tag="362"><subfield code="a">Vol. 50, no. 13 (Dec. 13, 1860)-</subfield></datafield><datafield ind1=" " ind2=" " tag="530"><subfield code="a">Also issued on microfilm as part of the Civil War newspapers collection.</subfield></datafield><datafield ind1=" " ind2="0" tag="651"><subfield code="a">New Brunswick (N.J.)</subfield><subfield code="v">Newspapers.</subfield></datafield><datafield ind1=" " ind2="7" tag="655"><subfield code="a">Newspapers.</subfield><subfield code="2">fast</subfield><subfield code="0">(OCoLC)fst01423814</subfield></datafield><datafield ind1=" " ind2="7" tag="651"><subfield code="a">New Jersey</subfield><subfield code="z">New Brunswick.</subfield><subfield code="2">fast</subfield><subfield code="0">(OCoLC)fst01204552</subfield></datafield><datafield ind1=" " ind2=" " tag="752"><subfield code="a">United States</subfield><subfield code="b">New Jersey</subfield><subfield code="c">Middlesex</subfield><subfield code="d">New Brunswick.</subfield></datafield><datafield ind1="1" ind2=" " tag="775"><subfield code="t">New-Brunswick daily news</subfield><subfield code="w">(DLC)sn 85025320</subfield><subfield code="w">(OCoLC)11656837</subfield></datafield><datafield ind1="0" ind2="0" tag="780"><subfield code="t">Times. And New Jersey union</subfield><subfield code="w">(DLC)sn 85025321</subfield><subfield code="w">(OCoLC)11656904</subfield></datafield><datafield ind1="0" ind2="0" tag="785"><subfield code="t">New Brunswick weekly times</subfield><subfield code="w">(DLC)sn 84026616</subfield><subfield code="w">(OCoLC)10514000</subfield></datafield></record>